%% This BibTeX bibliography file was created using BibDesk.
%% http://bibdesk.sourceforge.net/

%% Created for Frank Zhou at 2021-10-22 20:08:54 -0400 


%% Saved with string encoding Unicode (UTF-8) 



@article{GriceDugan-2003,
        Author = {Grice, J. and Dugan, M.},
	Journal = {Advances in Accounting},
	Pages = {77--93},
	Title = {Re-estimations of the {Z}mijewski and {O}hlson bankruptcy prediction models},
	Volume = {20},
	Year = {2003}}


@article{JindalMcAlister-2015,
	Author = {Jindal, N. and McAlister, L.},
	Date-Added = {2021-10-22 20:08:37 -0400},
	Date-Modified = {2021-10-22 20:08:51 -0400},
	Journal = {Marketing Science},
	Number = {4},
	Pages = {555--572},
	Publisher = {INFORMS},
	Title = {The impacts of advertising assets and R\&D assets on reducing bankruptcy risk},
	Volume = {34},
	Year = {2015}}

@article{Feldmann-Read-2013,
	Author = {Feldmann, D. and Read, W.},
	Date-Added = {2021-05-28 16:04:05 -0400},
	Date-Modified = {2021-05-28 16:08:02 -0400},
	Journal = {Managerial Auditing Journal},
	Number = {4},
	Pages = {345--363},
	Title = {Going concern opinions for bankrupt companies---impact of credit rating},
	Volume = {28},
	Year = {2013}}

@article{Campbell-Hilscher-Szilagyi-2008,
	Author = {Campbell, J. and Hilscher, J. and Szilagyi, J.},
	Date-Added = {2021-05-28 10:27:36 -0400},
	Date-Modified = {2021-05-28 10:28:49 -0400},
	Journal = {Journal of Finance},
	Number = {6},
	Pages = {2899--2939},
	Title = {In Search of Distress Risk},
	Volume = {63},
	Year = {2008}}

@techreport{AICPA-1988,
	Address = {New York, NY},
	Author = {AICPA},
	Date-Added = {2021-05-25 14:37:29 -0400},
	Date-Modified = {2021-05-25 14:37:29 -0400},
	Institution = {American Institute of Certified Public Accountants (AICPA)},
	Keywords = {going concerns},
	Title = {{The Auditor's Consideration of an Entity's Ability to Continue as a Going Concern: Statement on Auditing Standards (SAS) No.~34}},
	Year = {1988}}

@article{Chen-He-Ma-etal-2016,
	Author = {Chen, P. and He, S. and Ma, Z. and Stice, D.},
	Date-Added = {2021-05-25 14:34:41 -0400},
	Date-Modified = {2021-05-25 14:46:46 -0400},
	Journal = {Journal of Accounting and Economics},
	Number = {1},
	Pages = {121--144},
	Title = {The information role of audit opinions in debt contracting},
	Volume = {61},
	Year = {2016}}

@article{rubin,
	Author = {Rubin, D. B.},
	Journal = {Journal of Educational Psychology},
	Number = {5},
	Pages = {688-701},
	Title = {Estimating causal effects of treatments in randomized and non randomized studies},
	Volume = {66},
	Year = {1974}}

@article{IV,
	Author = {Angrist, J.D. Imbens. G.W. and Rubin, D.B.},
	Journal = {Journal of the American Statistical Association},
	Number = {434},
	Pages = {444-455},
	Title = {Identification of causal effects using instrumental variables},
	Volume = {91},
	Year = {1996}}

@article{Holland-1986,
	Author = {Holland, P.},
	Journal = {Journal of the American Statistical Association},
	Number = {396},
	Pages = {945-960},
	Title = {Statistics and causal inference},
	Volume = {81},
	Year = {1986}}

@article{evalue,
	Author = {VanderWeele, TJ. and Ding, P.},
	Date-Modified = {2021-05-25 14:47:47 -0400},
	Journal = {Annals of Internal Medicine},
	Pages = {268-274},
	Title = {Sensitivity analysis in observational research: introducing the {E}-Value},
	Volume = {168},
	Year = {2017}}

@book{pearl-2000,
	Address = {Cambridge, England},
	Author = {Pearl, J},
	Publisher = {Cambridge University Press},
	Title = {Causality: Models, Reasoning, and Inference},
	Year = {2000}}

@book{Wooldridge-2010,
	Address = {Cambridge, Massachusetts},
	Author = {Woolridge, J},
	Pages = {594-599},
	Publisher = {Massachusetts Institute of Technology},
	Title = {Econometric Analysis of Cross Section and Panel Data},
	Year = {2010}}

@article{Heckman-1978,
	Author = {Heckman, J.},
	Journal = {Econometrica},
	Number = {6},
	Pages = {931-959},
	Title = {Dummy endogenous variables in a simultaneous equation system},
	Volume = {46},
	Year = {1978}}

@article{marra,
	Author = {Marra,G. and Radice, R},
	Journal = {Canadian Journal of Statistics},
	Title = {Estimation of a Semiparametric Recursive Bivariate Probit Model in the Presence of Endogeneity},
	Year = {2011}}

@article{rf,
	Author = {Breiman, L.},
	Journal = {Machine Learning},
	Number = {1},
	Pages = {5-32},
	Title = {Random Forests},
	Volume = {45},
	Year = {2001}}

@article{boost,
	Author = {Chen,T. and Guestrin, C.},
	Journal = {Arxiv Preprint},
	Title = {XGBoost: A Scalable Tree Boosting System},
	Year = {2016}}

@article{bart,
	Author = {Chipman, H.A. and George, E.I. and McCulloch, R.E.},
	Journal = {The Annals of Applied Statistics},
	Number = {1},
	Pages = {266-298},
	Title = {BART: Bayesian additive regression trees},
	Volume = {4},
	Year = {2010}}

@book{Manski,
	Address = {Cambridge, Massachusetts},
	Author = {Manski, C. F.},
	Publisher = {Harvard University Press},
	Title = {Identification for Prediction and Decision},
	Year = {2007}}

@article{paper,
	Author = {Gerakos, J. and Hahn, P.R. and Kovrijnykh, A. and Zhou, F.},
	Journal = {Chicago Booth (working paper)},
	Title = {Prediction versus inducement and the informational efficiency of going concern opinions},
	Year = {2016}}

@article{nelder,
	Author = {Nelder, J. and Mead, R.},
	Journal = {Computer Journal},
	Number = {4},
	Pages = {308--313},
	Title = {A simplex method for function minimization},
	Volume = {7},
	Year = {1965}}

@article{monotone,
	Author = {Chipman, H.A. and George, E.I. and McCulloch, R.E. and Shively, T.S.},
	Journal = {Arxiv Preprint},
	Title = {High-dimensional nonparametric monotone function estimation using BART},
	Year = {2016}}

@article{bcffreak,
	Author = {Woody,S. Carvalho, C. and Hahn, P.R. and Murray, J.},
	Journal = {Arxiv Preprint},
	Title = {Estimating heterogeneous effects of continuous exposures using {B}ayesian tree ensembles: revisiting the impact of abortion rates on crime},
	Year = {2020}}

@article{hahnslice,
	Author = {Hahn, P.R. and He, J. and Lopes, H.},
	Journal = {Technical Report},
	Title = {Efficient sampling for gaussian linear regression with arbitrary priors},
	Url = {https://math.la.asu.edu/ prhahn/slicepaper.pdf},
	Year = {2017},
	Bdsk-Url-1 = {https://math.la.asu.edu/%20prhahn/slicepaper.pdf}}

@article{music,
	Author = {Salgnik,M. and Dodds, P.S. and Watts, D.J.},
	Journal = {Science},
	Number = {5762},
	Pages = {854-856},
	Title = {Experimental study of inequality and unpredictability in an artificial cultural market},
	Volume = {311},
	Year = {2006}}

@article{gallant,
	Author = {Gallant, A.R. and McCulloch, R.},
	Journal = {manuscript (Duke University)},
	Title = {On the Determination of General Scientific Models},
	Year = {2004}}

@article{Evans-Schwab-1995,
	Author = {Evans, W. N. and Schwab, R.},
	Date-Modified = {2021-05-25 14:34:07 -0400},
	Journal = {Quarterly Journal of Economics},
	Number = {4},
	Pages = {941-974},
	Title = {Finishing High School and Starting College: Do {C}atholic Schools Make a Difference?},
	Volume = {110},
	Year = {1995}}

@article{Altonji-Elder-Taber-2005,
	Author = {Altonji, J. and Elder, T. and Taber, C.},
	Date-Modified = {2021-05-25 14:45:46 -0400},
	Journal = {Journal of Human Resources},
	Pages = {791-821},
	Title = {An evaluation of instrumental variable strategies for estimating the effects of {C}atholic schooling},
	Volume = {60},
	Year = {2005}}

@book{palgrave,
	Address = {New York},
	Author = {Smith, Jr., A.A},
	Journal = {The New Palgrave Dictionary of Economics},
	Publisher = {Palgrave Macmillan},
	Title = {Indirect Inference},
	Year = {2008}}

@article{Freedman-Sekhon-2010,
	Author = {Freedman, D.A. and Sekhon, J.S.},
	Journal = {Political Analysis},
	Pages = {138-150},
	Title = {Endogeneity in probit response models.},
	Volume = {18},
	Year = {2010}}

@article{Meng-Schmidt-1985,
	Author = {Meng, C.L. and Schmidt, P.},
	Journal = {International Economic Review},
	Number = {1},
	Pages = {71-85},
	Title = {On the cost of partial observability in the bivariate probit model.},
	Volume = {26},
	Year = {1985}}

@article{bcf,
	Author = {Hahn, P.R. and Murray, J.S. and Carvalho, C.},
	Journal = {Bayesian Analysis},
	Pages = {1-64},
	Title = {Bayesian regression tree models for causal inference: Regularization, confounding, and heterogeneous effects.},
	Year = {2020}}

@article{maurer-wsj-2020,
	Author = {Maurer,M.},
	Journal = {Wall Street Journal},
	Title = {Going-Concern Opinions May Be Poised for a Comeback},
	Url = {https://www.wsj.com/articles/going-concern-opinions-may-be-poised-for-a-comeback-11588799231},
	Urldate = {2020-09-04},
	Year = {2020},
	Bdsk-Url-1 = {https://www.wsj.com/articles/going-concern-opinions-may-be-poised-for-a-comeback-11588799231}}

@book{Rubin-Imbens-2006,
	Address = {New York},
	Author = {Imbens,G. and Rubin, DB.},
	Publisher = {Cambridge University Press},
	Title = {Causal Inference in Statistics, and in the Social and Biomedical Sciences},
	Year = {2006}}

@article{Cornfield,
	Author = {Cornfield, J. and Haenszel, W. and Hammond, E.C. and Lilienfeld, A.M. and Shimkin, M.B. and Wynder, E.L.},
	Journal = {J Natl Cancer Institute},
	Pages = {173-203},
	Title = {Smoking and Lung Cancer: recent evidence and a discussion of some questions},
	Volume = {22},
	Year = {1959}}

@book{Rosenbaum,
	Address = {New York},
	Author = {Rosenbaum, P.R.},
	Publisher = {Springer},
	Title = {Observational Studies},
	Year = {2002}}

@book{Shalizi,
	Author = {Shalizi, C.},
	Doi = {10.1.1.661.5591},
	Title = {Advanced Data Analysis from an Elementary Point of View},
	Year = {2013},
	Bdsk-Url-1 = {https://doi.org/10.1.1.661.5591}}

@article{chel-c-2020,
	Author = {Kennedy, C. and Hahn, P.R. and Zheng, Y. and Katz, C.},
	Journal = {pre-print},
	Title = {Bayesian decision theory for tree-based adaptive screening tests with an application to youth delinquency},
	Year = {2020}}

@article{Hahn-2015,
	Author = {Hahn, P.R. and Carvalho, C.},
	Journal = {Journal of the American Statistical Association},
	Number = {509},
	Pages = {435-448},
	Title = {Decoupling shrinkage and selection in {B}ayesian linear models: A posterior summary perspective},
	Url = {https://doi.org/10.1080/01621459.2014.993077},
	Volume = {110},
	Year = {2015},
	Bdsk-Url-1 = {https://doi.org/10.1080/01621459.2014.993077}}

@article{Carnegie-2019,
	Author = {Carnegie, N. and Dorie, V. and Hill, J.},
	Journal = {Observational Studies},
	Title = {Examining treatment effect heterogeneity using bart},
	Url = {https://obsstudies.org/277-2/},
	Year = {2019},
	Bdsk-Url-1 = {https://obsstudies.org/277-2/}}

@article{Sivaganesan-2017,
	Author = {Sivaganesan, S. and Muller, P. and Huang, B.},
	Journal = {Statistics in Medicine},
	Number = {15},
	Pages = {2391-2403},
	Title = {Subgroup finding via Bayesian additive regression trees},
	Url = {https://onlinelibrary.wiley.com/doi/abs/10.1002/sim.7276},
	Volume = {36},
	Year = {2017},
	Bdsk-Url-1 = {https://onlinelibrary.wiley.com/doi/abs/10.1002/sim.7276}}

@article{Maceachern-2001,
	Author = {MacEachern, S.N.},
	Journal = {Bayesian methods with applications to science, policy, and official statistics},
	Pages = {551-560},
	Title = {Decision theoretic aspects of dependent nonparametric processes},
	Year = {2001}}

@article{Woody-2020a,
	Author = {Woody, S. and Carvalho, C. and Murray, J.},
	Journal = {Journal of Computational and Graphical Statistics},
	Title = {Model interpretation through lower-dimensional posterior summarization},
	Url = {https://arxiv.org/abs/1905.07103},
	Year = {2020b},
	Bdsk-Url-1 = {https://arxiv.org/abs/1905.07103}}

@article{Woody-2020b,
	Author = {Woody, S. and Carvalho, C. and Murray, J.},
	Title = {Bayesian inference for treatment effects under nested subsets of controls},
	Url = {https://arxiv.org/abs/2001.07256},
	Year = {2020b},
	Bdsk-Url-1 = {https://arxiv.org/abs/2001.07256}}

@article{larcker2010use,
	Author = {Larcker, D.F. and Rusticus, T.O.},
	Journal = {Journal of accounting and economics},
	Number = {3},
	Pages = {186--205},
	Publisher = {Elsevier},
	Title = {On the use of instrumental variables in accounting research},
	Volume = {49},
	Year = {2010}}

@article{imbens2014instrumental,
	Author = {Imbens, G. W.},
	Journal = {Statistical Science},
	Pages = {323--358},
	Publisher = {JSTOR},
	Title = {Instrumental Variables: An Econometrician's Perspective},
	Year = {2014}}

@article{Chipman-1998,
	Author = {Chipman, H.A. and George, E.I. and McCulloch, R.E.},
	Journal = {Journal of the American Statistical Association},
	Number = {443},
	Pages = {935-948},
	Title = {Bayesian CART model search.},
	Volume = {93},
	Year = {1998}}

@article{Albert-1993,
	Author = {Albert,J.H. and Chib, S.},
	Journal = {Journal of the American Statistical Association},
	Number = {433},
	Pages = {669-679},
	Title = {Bayesian analysis of binary and polychotomous response data},
	Volume = {88},
	Year = {1998}}

@article{Hill2019,
	Author = {Hill and Linero and Murray},
	Journal = {Annual Review of Statistics and its Applications},
	Title = {Bayesian Additive Regression Trees: A Review and Look Forward.},
	Year = {2019}}

@article{Hill2011,
	Author = {Hill, J.},
	Journal = {Journal of Computational and Graphical Statistics},
	Number = {1},
	Pages = {217-240},
	Title = {Bayesian nonparametric modeling for causal inference},
	Volume = {20},
	Year = {2011}}

@article{roy2019,
	Author = {Tan, Y.V. and Roy, J.},
	Journal = {arXiv preprint},
	Title = {Bayesian additive regression trees and the General BART model},
	Url = {https://arxiv.org/pdf/1901.07504.pdf},
	Year = {2019},
	Bdsk-Url-1 = {https://arxiv.org/pdf/1901.07504.pdf}}

@article{Peng-2016,
	Author = {Peng, D. and VanderWeele, T.J.},
	Journal = {Epidemiology (Cambridge, Mass)},
	Number = {3},
	Pages = {368-377},
	Title = {Sensitivity analysis without assumptions},
	Url = {http://dx.doi.org/10.1097/EDE.0000000000000457},
	Volume = {27},
	Year = {2016},
	Bdsk-Url-1 = {http://dx.doi.org/10.1097/EDE.0000000000000457}}

@article{Baptista-1978,
	Author = {Katz,D. and Baptista, J. and Azen, S.P. and Pike, M.C.},
	Journal = {Biometrics},
	Number = {3},
	Pages = {469-474},
	Title = {Obtaining confidence intervals for the risk ratio in cohort studies},
	Volume = {34},
	Year = {1978}}

@article{defond-2002,
	Author = {DeFond, M. and Raghunandan, K. and Subramanyam, K.},
	Date-Modified = {2021-05-25 14:49:10 -0400},
	Journal = {Journal of Accounting Research},
	Pages = {1247-1274},
	Title = {Do non-audit service fees impair auditor independence? {E}vidence from going concern audit opinions},
	Volume = {40},
	Year = {2002}}

@article{abadie2003,
	Author = {Abadie, A. and Gardeazabal, J.},
	Date-Modified = {2021-05-25 14:33:50 -0400},
	Journal = {American Economic Review},
	Number = {1},
	Pages = {113-132},
	Title = {The economic costs of conflict: A case study of the {B}asque country},
	Volume = {93},
	Year = {2003}}

@article{abadie2010,
	Author = {Abadie, A. and Diamond, A. and Hainmuller, J.},
	Date-Modified = {2021-05-25 14:33:34 -0400},
	Doi = {10.1198/jasa.2009.ap08746},
	Journal = {Journal of the American Statistical Association},
	Number = {490},
	Pages = {493-505},
	Title = {Synthetic control methods for comparative case studies: Estimating the effect of {C}alifornia's tobacco control program},
	Volume = {105},
	Year = {2010},
	Bdsk-Url-1 = {https://doi.org/10.1198/jasa.2009.ap08746}}

@article{card1994,
	Author = {Card, D. and Krueger, A.B.},
	Date-Modified = {2021-05-25 14:33:05 -0400},
	Journal = {American Economic Review},
	Number = {4},
	Pages = {772-793},
	Title = {Minimum wages and employment: A case study of the fast-food industry in {N}ew {J}ersey and {P}ennsylvania},
	Url = {https://www.jstor.org/stable/2118030},
	Volume = {84},
	Year = {1994},
	Bdsk-Url-1 = {https://www.jstor.org/stable/2118030}}

@article{Thistlethwaite-rdd,
	Author = {Thistlethwaite, D. and Campbell, D.},
	Doi = {doi:10.1037/h0044319},
	Journal = {Journal of Educational Psychology},
	Number = {6},
	Pages = {309-317},
	Title = {Regression-Discontinuity Analysis: An alternative to the ex post facto experiment},
	Volume = {51},
	Year = {1960},
	Bdsk-Url-1 = {https://doi.org/10.1037/h0044319}}

@article{Imbens-rdd,
	Author = {Imbens, G. and Lemieux, T.},
	Doi = {doi:10.1016/j.jeconom.2007.05.001},
	Journal = {Journal of Econometrics},
	Number = {2},
	Pages = {615-635},
	Title = {Regression discontinuity designs: a guide to practice},
	Volume = {142},
	Year = {2008},
	Bdsk-Url-1 = {https://doi.org/10.1016/j.jeconom.2007.05.001}}

@article{geweke1992evaluating,
	Author = {Geweke, J.},
	Journal = {Bayesian statistics},
	Pages = {641--649},
	Publisher = {Clarendon Press},
	Title = {Evaluating the accuracy of sampling-based approaches to the calculations of posterior moments},
	Volume = {4},
	Year = {1992}}


@article{kaplan2013going,
	title={Do going concern audit reports protect auditors from litigation? A simultaneous equations approach},
	author={Kaplan, Steven E and Williams, David D},
	journal={The Accounting Review},
	volume={88},
	number={1},
	pages={199--232},
	year={2013},
	publisher={American Accounting Association}
}


@article{bertomeu2021using,
	title={Using machine learning to detect misstatements},
	author={Bertomeu, Jeremy and Cheynel, Edwige and Floyd, Eric and Pan, Wenqiang},
	journal={Review of Accounting Studies},
	volume={26},
	number={2},
	pages={468--519},
	year={2021},
	publisher={Springer}
}

@article{bao2020detecting,
	title={Detecting accounting fraud in publicly traded US firms using a machine learning approach},
	author={Bao, Yang and Ke, Bin and Li, Bin and Yu, Y Julia and Zhang, Jie},
	journal={Journal of Accounting Research},
	volume={58},
	number={1},
	pages={199--235},
	year={2020},
	publisher={Wiley Online Library}
}

@article{brown2020you,
	title={What are you saying? Using topic to detect financial misreporting},
	author={Brown, Nerissa C and Crowley, Richard M and Elliott, W Brooke},
	journal={Journal of Accounting Research},
	volume={58},
	number={1},
	pages={237--291},
	year={2020},
	publisher={Wiley Online Library}
}